%YAML 1.1
%TAG !u! tag:unity3d.com,2011:
--- !u!1 &1407663750235329084
GameObject:
  m_ObjectHideFlags: 0
  m_CorrespondingSourceObject: {fileID: 0}
  m_PrefabInstance: {fileID: 0}
  m_PrefabAsset: {fileID: 0}
  serializedVersion: 6
  m_Component:
  - component: {fileID: 1405635070400481730}
  m_Layer: 0
  m_Name: HornMid02
  m_TagString: Untagged
  m_Icon: {fileID: 0}
  m_NavMeshLayer: 0
  m_StaticEditorFlags: 0
  m_IsActive: 1
--- !u!4 &1405635070400481730
Transform:
  m_ObjectHideFlags: 0
  m_CorrespondingSourceObject: {fileID: 0}
  m_PrefabInstance: {fileID: 0}
  m_PrefabAsset: {fileID: 0}
  m_GameObject: {fileID: 1407663750235329084}
  m_LocalRotation: {x: 1.8762913e-17, y: -0.00000002425134, z: -0.7650651, w: 0.64395297}
  m_LocalPosition: {x: -0.0054182825, y: 0.34079462, z: 0.000000007455179}
  m_LocalScale: {x: 1, y: 1, z: 1}
  m_Children:
  - {fileID: 1413940879953544222}
  m_Father: {fileID: 1413875575487203196}
  m_RootOrder: 5
  m_LocalEulerAnglesHint: {x: 0, y: 0, z: 0}
--- !u!1 &1407668126744761094
GameObject:
  m_ObjectHideFlags: 0
  m_CorrespondingSourceObject: {fileID: 0}
  m_PrefabInstance: {fileID: 0}
  m_PrefabAsset: {fileID: 0}
  serializedVersion: 6
  m_Component:
  - component: {fileID: 1414005534714377848}
  m_Layer: 0
  m_Name: HornR03
  m_TagString: Untagged
  m_Icon: {fileID: 0}
  m_NavMeshLayer: 0
  m_StaticEditorFlags: 0
  m_IsActive: 1
--- !u!4 &1414005534714377848
Transform:
  m_ObjectHideFlags: 0
  m_CorrespondingSourceObject: {fileID: 0}
  m_PrefabInstance: {fileID: 0}
  m_PrefabAsset: {fileID: 0}
  m_GameObject: {fileID: 1407668126744761094}
  m_LocalRotation: {x: -0.2281406, y: -0.42559305, z: 0.7752108, w: -0.40727222}
  m_LocalPosition: {x: 0.25218153, y: 0.0641951, z: 0.31771898}
  m_LocalScale: {x: 1, y: 1, z: 1}
  m_Children:
  - {fileID: 1405277954428166872}
  m_Father: {fileID: 1413875575487203196}
  m_RootOrder: 9
  m_LocalEulerAnglesHint: {x: 0, y: 0, z: 0}
--- !u!1 &1407679388463419938
GameObject:
  m_ObjectHideFlags: 0
  m_CorrespondingSourceObject: {fileID: 0}
  m_PrefabInstance: {fileID: 0}
  m_PrefabAsset: {fileID: 0}
  serializedVersion: 6
  m_Component:
  - component: {fileID: 1405436562025268952}
  m_Layer: 0
  m_Name: HornR04
  m_TagString: Untagged
  m_Icon: {fileID: 0}
  m_NavMeshLayer: 0
  m_StaticEditorFlags: 0
  m_IsActive: 1
--- !u!4 &1405436562025268952
Transform:
  m_ObjectHideFlags: 0
  m_CorrespondingSourceObject: {fileID: 0}
  m_PrefabInstance: {fileID: 0}
  m_PrefabAsset: {fileID: 0}
  m_GameObject: {fileID: 1407679388463419938}
  m_LocalRotation: {x: 0.41800907, y: 0.4173832, z: -0.57486445, w: 0.5662072}
  m_LocalPosition: {x: -0.036280468, y: -0.104592174, z: 0.42496797}
  m_LocalScale: {x: 1, y: 1, z: 1}
  m_Children:
  - {fileID: 1413708390791287852}
  m_Father: {fileID: 1413875575487203196}
  m_RootOrder: 10
  m_LocalEulerAnglesHint: {x: 0, y: 0, z: 0}
--- !u!1 &1407687080472987070
GameObject:
  m_ObjectHideFlags: 0
  m_CorrespondingSourceObject: {fileID: 0}
  m_PrefabInstance: {fileID: 0}
  m_PrefabAsset: {fileID: 0}
  serializedVersion: 6
  m_Component:
  - component: {fileID: 1405440514667777352}
  m_Layer: 0
  m_Name: HornMidTip01
  m_TagString: Untagged
  m_Icon: {fileID: 0}
  m_NavMeshLayer: 0
  m_StaticEditorFlags: 0
  m_IsActive: 1
--- !u!4 &1405440514667777352
Transform:
  m_ObjectHideFlags: 0
  m_CorrespondingSourceObject: {fileID: 0}
  m_PrefabInstance: {fileID: 0}
  m_PrefabAsset: {fileID: 0}
  m_GameObject: {fileID: 1407687080472987070}
  m_LocalRotation: {x: 0.35630658, y: -0.6107746, z: 0.35630658, w: 0.61077464}
  m_LocalPosition: {x: -0.23230301, y: -8.8817837e-17, z: 0.0000000021612534}
  m_LocalScale: {x: 1, y: 1, z: 1}
  m_Children: []
  m_Father: {fileID: 1414113835101945546}
  m_RootOrder: 0
  m_LocalEulerAnglesHint: {x: 0, y: 0, z: 0}
--- !u!1 &1407730947486429098
GameObject:
  m_ObjectHideFlags: 0
  m_CorrespondingSourceObject: {fileID: 0}
  m_PrefabInstance: {fileID: 0}
  m_PrefabAsset: {fileID: 0}
  serializedVersion: 6
  m_Component:
  - component: {fileID: 1414041702743449540}
  m_Layer: 0
  m_Name: HornMidTip03
  m_TagString: Untagged
  m_Icon: {fileID: 0}
  m_NavMeshLayer: 0
  m_StaticEditorFlags: 0
  m_IsActive: 1
--- !u!4 &1414041702743449540
Transform:
  m_ObjectHideFlags: 0
  m_CorrespondingSourceObject: {fileID: 0}
  m_PrefabInstance: {fileID: 0}
  m_PrefabAsset: {fileID: 0}
  m_GameObject: {fileID: 1407730947486429098}
  m_LocalRotation: {x: -0.2562576, y: -0.6590387, z: -0.2562576, w: 0.6590387}
  m_LocalPosition: {x: -0.23350188, y: -1.7763568e-17, z: -1.0587912e-24}
  m_LocalScale: {x: 1, y: 1, z: 1}
  m_Children: []
  m_Father: {fileID: 1413680552475608420}
  m_RootOrder: 0
  m_LocalEulerAnglesHint: {x: 0, y: 0, z: 0}
--- !u!1 &1407742570658630714
GameObject:
  m_ObjectHideFlags: 0
  m_CorrespondingSourceObject: {fileID: 0}
  m_PrefabInstance: {fileID: 0}
  m_PrefabAsset: {fileID: 0}
  serializedVersion: 6
  m_Component:
  - component: {fileID: 1413833172389689442}
  m_Layer: 0
  m_Name: UpperCover
  m_TagString: Untagged
  m_Icon: {fileID: 0}
  m_NavMeshLayer: 0
  m_StaticEditorFlags: 0
  m_IsActive: 1
--- !u!4 &1413833172389689442
Transform:
  m_ObjectHideFlags: 0
  m_CorrespondingSourceObject: {fileID: 0}
  m_PrefabInstance: {fileID: 0}
  m_PrefabAsset: {fileID: 0}
  m_GameObject: {fileID: 1407742570658630714}
  m_LocalRotation: {x: -0.43952665, y: -0.55391, z: -0.43952665, w: 0.55391}
  m_LocalPosition: {x: -0.13390945, y: 2.432437e-17, z: 4.1713996e-10}
  m_LocalScale: {x: 1, y: 1, z: 1}
  m_Children: []
  m_Father: {fileID: 1414035778698401236}
  m_RootOrder: 2
  m_LocalEulerAnglesHint: {x: 0, y: 0, z: 0}
--- !u!1 &1407755398007778554
GameObject:
  m_ObjectHideFlags: 0
  m_CorrespondingSourceObject: {fileID: 0}
  m_PrefabInstance: {fileID: 0}
  m_PrefabAsset: {fileID: 0}
  serializedVersion: 6
  m_Component:
  - component: {fileID: 1405316491178974780}
  m_Layer: 0
  m_Name: HornLTip01
  m_TagString: Untagged
  m_Icon: {fileID: 0}
  m_NavMeshLayer: 0
  m_StaticEditorFlags: 0
  m_IsActive: 1
--- !u!4 &1405316491178974780
Transform:
  m_ObjectHideFlags: 0
  m_CorrespondingSourceObject: {fileID: 0}
  m_PrefabInstance: {fileID: 0}
  m_PrefabAsset: {fileID: 0}
  m_GameObject: {fileID: 1407755398007778554}
  m_LocalRotation: {x: -0.0011963486, y: -0.39245114, z: -0.0028038216, w: 0.91976786}
  m_LocalPosition: {x: -0.2606151, y: -7.910339e-17, z: -5.3290704e-17}
  m_LocalScale: {x: 1, y: 1, z: 1}
  m_Children: []
  m_Father: {fileID: 1413645868416186318}
  m_RootOrder: 0
  m_LocalEulerAnglesHint: {x: 0, y: 0, z: 0}
--- !u!1 &1407764480771437190
GameObject:
  m_ObjectHideFlags: 0
  m_CorrespondingSourceObject: {fileID: 0}
  m_PrefabInstance: {fileID: 0}
  m_PrefabAsset: {fileID: 0}
  serializedVersion: 6
  m_Component:
  - component: {fileID: 1405289038394803678}
  m_Layer: 0
  m_Name: HornLTip04
  m_TagString: Untagged
  m_Icon: {fileID: 0}
  m_NavMeshLayer: 0
  m_StaticEditorFlags: 0
  m_IsActive: 1
--- !u!4 &1405289038394803678
Transform:
  m_ObjectHideFlags: 0
  m_CorrespondingSourceObject: {fileID: 0}
  m_PrefabInstance: {fileID: 0}
  m_PrefabAsset: {fileID: 0}
  m_GameObject: {fileID: 1407764480771437190}
  m_LocalRotation: {x: 0.00052262837, y: -0.15285578, z: 0.0033788949, w: 0.9882426}
  m_LocalPosition: {x: -0.25213814, y: -3.8857806e-18, z: -1.7763568e-17}
  m_LocalScale: {x: 1, y: 1, z: 1}
  m_Children: []
  m_Father: {fileID: 1413662976790221496}
  m_RootOrder: 0
  m_LocalEulerAnglesHint: {x: 0, y: 0, z: 0}
--- !u!1 &1407819904636949786
GameObject:
  m_ObjectHideFlags: 0
  m_CorrespondingSourceObject: {fileID: 0}
  m_PrefabInstance: {fileID: 0}
  m_PrefabAsset: {fileID: 0}
  serializedVersion: 6
  m_Component:
  - component: {fileID: 1414043700723738880}
  m_Layer: 0
  m_Name: HornRTip02
  m_TagString: Untagged
  m_Icon: {fileID: 0}
  m_NavMeshLayer: 0
  m_StaticEditorFlags: 0
  m_IsActive: 1
--- !u!4 &1414043700723738880
Transform:
  m_ObjectHideFlags: 0
  m_CorrespondingSourceObject: {fileID: 0}
  m_PrefabInstance: {fileID: 0}
  m_PrefabAsset: {fileID: 0}
  m_GameObject: {fileID: 1407819904636949786}
  m_LocalRotation: {x: 0.26567763, y: -0.07246102, z: 0.9274581, w: 0.2529553}
  m_LocalPosition: {x: -0.22917853, y: -3.1086245e-17, z: 1.0658141e-16}
  m_LocalScale: {x: 1, y: 1, z: 1}
  m_Children: []
  m_Father: {fileID: 1405609778714912008}
  m_RootOrder: 0
  m_LocalEulerAnglesHint: {x: 0, y: 0, z: 0}
--- !u!1 &1407836235175094060
GameObject:
  m_ObjectHideFlags: 0
  m_CorrespondingSourceObject: {fileID: 0}
  m_PrefabInstance: {fileID: 0}
  m_PrefabAsset: {fileID: 0}
  serializedVersion: 6
  m_Component:
  - component: {fileID: 1413711538849609212}
  - component: {fileID: 1359440604482465838}
  - component: {fileID: 7571385428024310206}
  m_Layer: 0
  m_Name: TurtleShellPBR
  m_TagString: obstacle
  m_Icon: {fileID: 0}
  m_NavMeshLayer: 0
  m_StaticEditorFlags: 0
  m_IsActive: 1
--- !u!4 &1413711538849609212
Transform:
  m_ObjectHideFlags: 0
  m_CorrespondingSourceObject: {fileID: 0}
  m_PrefabInstance: {fileID: 0}
  m_PrefabAsset: {fileID: 0}
  m_GameObject: {fileID: 1407836235175094060}
  m_LocalRotation: {x: 0, y: 1, z: 0, w: 0}
  m_LocalPosition: {x: 0, y: 0, z: 0}
  m_LocalScale: {x: 0.6, y: 0.6, z: 0.6}
  m_Children:
  - {fileID: 1413649886490419050}
  - {fileID: 1405493522504844112}
  m_Father: {fileID: 0}
  m_RootOrder: 0
  m_LocalEulerAnglesHint: {x: 0, y: 180, z: 0}
--- !u!95 &1359440604482465838
Animator:
  serializedVersion: 3
  m_ObjectHideFlags: 0
  m_CorrespondingSourceObject: {fileID: 0}
  m_PrefabInstance: {fileID: 0}
  m_PrefabAsset: {fileID: 0}
  m_GameObject: {fileID: 1407836235175094060}
  m_Enabled: 1
  m_Avatar: {fileID: 9000000, guid: 0d3c605385d6d9547a1e3f24e8248962, type: 3}
  m_Controller: {fileID: 9100000, guid: 1b58d63f942126347865fbdde70e67c5, type: 2}
  m_CullingMode: 1
  m_UpdateMode: 0
  m_ApplyRootMotion: 0
  m_LinearVelocityBlending: 0
  m_WarningMessage: 
  m_HasTransformHierarchy: 1
  m_AllowConstantClipSamplingOptimization: 1
  m_KeepAnimatorControllerStateOnDisable: 0
--- !u!65 &7571385428024310206
BoxCollider:
  m_ObjectHideFlags: 0
  m_CorrespondingSourceObject: {fileID: 0}
  m_PrefabInstance: {fileID: 0}
  m_PrefabAsset: {fileID: 0}
  m_GameObject: {fileID: 1407836235175094060}
  m_Material: {fileID: 0}
  m_IsTrigger: 0
  m_Enabled: 1
  serializedVersion: 2
  m_Size: {x: 1.4856906, y: 1.1579956, z: 1}
  m_Center: {x: -0.0029257932, y: 0.5646873, z: -0}
--- !u!1 &1407841739200793282
GameObject:
  m_ObjectHideFlags: 0
  m_CorrespondingSourceObject: {fileID: 0}
  m_PrefabInstance: {fileID: 0}
  m_PrefabAsset: {fileID: 0}
  serializedVersion: 6
  m_Component:
  - component: {fileID: 1405546264570763040}
  m_Layer: 0
  m_Name: HornRTip01
  m_TagString: Untagged
  m_Icon: {fileID: 0}
  m_NavMeshLayer: 0
  m_StaticEditorFlags: 0
  m_IsActive: 1
--- !u!4 &1405546264570763040
Transform:
  m_ObjectHideFlags: 0
  m_CorrespondingSourceObject: {fileID: 0}
  m_PrefabInstance: {fileID: 0}
  m_PrefabAsset: {fileID: 0}
  m_GameObject: {fileID: 1407841739200793282}
  m_LocalRotation: {x: 0.39245197, y: -0.0011964226, z: 0.91976744, w: 0.0028039878}
  m_LocalPosition: {x: -0.26061526, y: -1.56819e-17, z: -1.5987211e-16}
  m_LocalScale: {x: 1, y: 1, z: 1}
  m_Children: []
  m_Father: {fileID: 1413991165746520396}
  m_RootOrder: 0
  m_LocalEulerAnglesHint: {x: 0, y: 0, z: 0}
--- !u!1 &1407844887725121930
GameObject:
  m_ObjectHideFlags: 0
  m_CorrespondingSourceObject: {fileID: 0}
  m_PrefabInstance: {fileID: 0}
  m_PrefabAsset: {fileID: 0}
  serializedVersion: 6
  m_Component:
  - component: {fileID: 1413940879953544222}
  m_Layer: 0
  m_Name: HornMidTip02
  m_TagString: Untagged
  m_Icon: {fileID: 0}
  m_NavMeshLayer: 0
  m_StaticEditorFlags: 0
  m_IsActive: 1
--- !u!4 &1413940879953544222
Transform:
  m_ObjectHideFlags: 0
  m_CorrespondingSourceObject: {fileID: 0}
  m_PrefabInstance: {fileID: 0}
  m_PrefabAsset: {fileID: 0}
  m_GameObject: {fileID: 1407844887725121930}
  m_LocalRotation: {x: 0.057619154, y: -0.7047553, z: 0.05761915, w: 0.7047553}
  m_LocalPosition: {x: -0.23869218, y: -2.6645352e-17, z: 5.2939556e-24}
  m_LocalScale: {x: 1, y: 1, z: 1}
  m_Children: []
  m_Father: {fileID: 1405635070400481730}
  m_RootOrder: 0
  m_LocalEulerAnglesHint: {x: 0, y: 0, z: 0}
--- !u!1 &1407849026602507296
GameObject:
  m_ObjectHideFlags: 0
  m_CorrespondingSourceObject: {fileID: 0}
  m_PrefabInstance: {fileID: 0}
  m_PrefabAsset: {fileID: 0}
  serializedVersion: 6
  m_Component:
  - component: {fileID: 1405554942957824442}
  m_Layer: 0
  m_Name: Spine01
  m_TagString: Untagged
  m_Icon: {fileID: 0}
  m_NavMeshLayer: 0
  m_StaticEditorFlags: 0
  m_IsActive: 1
--- !u!4 &1405554942957824442
Transform:
  m_ObjectHideFlags: 0
  m_CorrespondingSourceObject: {fileID: 0}
  m_PrefabInstance: {fileID: 0}
  m_PrefabAsset: {fileID: 0}
  m_GameObject: {fileID: 1407849026602507296}
  m_LocalRotation: {x: 5.551115e-17, y: 5.551115e-17, z: -0.092510164, w: 0.99571174}
  m_LocalPosition: {x: -0.31336257, y: 1.0658141e-16, z: 1.3916094e-16}
  m_LocalScale: {x: 1, y: 1, z: 1}
  m_Children:
  - {fileID: 1413875575487203196}
  - {fileID: 1405258146137904656}
  m_Father: {fileID: 1413649886490419050}
  m_RootOrder: 0
  m_LocalEulerAnglesHint: {x: 0, y: 0, z: 0}
--- !u!1 &1407895820577517038
GameObject:
  m_ObjectHideFlags: 0
  m_CorrespondingSourceObject: {fileID: 0}
  m_PrefabInstance: {fileID: 0}
  m_PrefabAsset: {fileID: 0}
  serializedVersion: 6
  m_Component:
  - component: {fileID: 1414035778698401236}
  m_Layer: 0
  m_Name: Head
  m_TagString: Untagged
  m_Icon: {fileID: 0}
  m_NavMeshLayer: 0
  m_StaticEditorFlags: 0
  m_IsActive: 1
--- !u!4 &1414035778698401236
Transform:
  m_ObjectHideFlags: 0
  m_CorrespondingSourceObject: {fileID: 0}
  m_PrefabInstance: {fileID: 0}
  m_PrefabAsset: {fileID: 0}
  m_GameObject: {fileID: 1407895820577517038}
  m_LocalRotation: {x: -5.551115e-17, y: 5.551115e-17, z: 0.052788194, w: 0.9986057}
  m_LocalPosition: {x: -0.2659768, y: 1.9539925e-16, z: 0.000000001408367}
  m_LocalScale: {x: 1, y: 1, z: 1}
  m_Children:
  - {fileID: 1405484136223749908}
  - {fileID: 1405219208339402936}
  - {fileID: 1413833172389689442}
  m_Father: {fileID: 1405258146137904656}
  m_RootOrder: 0
  m_LocalEulerAnglesHint: {x: 0, y: 0, z: 0}
--- !u!1 &1407933533782745640
GameObject:
  m_ObjectHideFlags: 0
  m_CorrespondingSourceObject: {fileID: 0}
  m_PrefabInstance: {fileID: 0}
  m_PrefabAsset: {fileID: 0}
  serializedVersion: 6
  m_Component:
  - component: {fileID: 1413649886490419050}
  m_Layer: 0
  m_Name: Body
  m_TagString: Untagged
  m_Icon: {fileID: 0}
  m_NavMeshLayer: 0
  m_StaticEditorFlags: 0
  m_IsActive: 1
--- !u!4 &1413649886490419050
Transform:
  m_ObjectHideFlags: 0
  m_CorrespondingSourceObject: {fileID: 0}
  m_PrefabInstance: {fileID: 0}
  m_PrefabAsset: {fileID: 0}
  m_GameObject: {fileID: 1407933533782745640}
  m_LocalRotation: {x: 0.03688756, y: 0.706144, z: 0.03688756, w: 0.706144}
  m_LocalPosition: {x: -0, y: 0.13463865, z: -0.5692238}
  m_LocalScale: {x: 1, y: 1, z: 1}
  m_Children:
  - {fileID: 1405554942957824442}
  m_Father: {fileID: 1413711538849609212}
  m_RootOrder: 0
  m_LocalEulerAnglesHint: {x: 0, y: 0, z: 0}
--- !u!1 &1407975930852146912
GameObject:
  m_ObjectHideFlags: 0
  m_CorrespondingSourceObject: {fileID: 0}
  m_PrefabInstance: {fileID: 0}
  m_PrefabAsset: {fileID: 0}
  serializedVersion: 6
  m_Component:
  - component: {fileID: 1413680552475608420}
  m_Layer: 0
  m_Name: HornMid03
  m_TagString: Untagged
  m_Icon: {fileID: 0}
  m_NavMeshLayer: 0
  m_StaticEditorFlags: 0
  m_IsActive: 1
--- !u!4 &1413680552475608420
Transform:
  m_ObjectHideFlags: 0
  m_CorrespondingSourceObject: {fileID: 0}
  m_PrefabInstance: {fileID: 0}
  m_PrefabAsset: {fileID: 0}
  m_GameObject: {fileID: 1407975930852146912}
  m_LocalRotation: {x: -0.000000005601928, y: -0.000000012587479, z: -0.40659258,
    w: 0.91360956}
  m_LocalPosition: {x: -0.37328306, y: 0.17870386, z: 0.000000006434258}
  m_LocalScale: {x: 1, y: 1, z: 1}
  m_Children:
  - {fileID: 1414041702743449540}
  m_Father: {fileID: 1413875575487203196}
  m_RootOrder: 6
  m_LocalEulerAnglesHint: {x: 0, y: 0, z: 0}
--- !u!1 &1408010962158939534
GameObject:
  m_ObjectHideFlags: 0
  m_CorrespondingSourceObject: {fileID: 0}
  m_PrefabInstance: {fileID: 0}
  m_PrefabAsset: {fileID: 0}
  serializedVersion: 6
  m_Component:
  - component: {fileID: 1405390142857322892}
  m_Layer: 0
  m_Name: HornLTip03
  m_TagString: Untagged
  m_Icon: {fileID: 0}
  m_NavMeshLayer: 0
  m_StaticEditorFlags: 0
  m_IsActive: 1
--- !u!4 &1405390142857322892
Transform:
  m_ObjectHideFlags: 0
  m_CorrespondingSourceObject: {fileID: 0}
  m_PrefabInstance: {fileID: 0}
  m_PrefabAsset: {fileID: 0}
  m_GameObject: {fileID: 1408010962158939534}
  m_LocalRotation: {x: 0.081415825, y: -0.26555166, z: 0.28159046, w: 0.91845554}
  m_LocalPosition: {x: -0.21928728, y: -3.5527136e-17, z: 8.8817837e-17}
  m_LocalScale: {x: 1, y: 1, z: 1}
  m_Children: []
  m_Father: {fileID: 1405329489705821548}
  m_RootOrder: 0
  m_LocalEulerAnglesHint: {x: 0, y: 0, z: 0}
--- !u!1 &1408101761743513240
GameObject:
  m_ObjectHideFlags: 0
  m_CorrespondingSourceObject: {fileID: 0}
  m_PrefabInstance: {fileID: 0}
  m_PrefabAsset: {fileID: 0}
  serializedVersion: 6
  m_Component:
  - component: {fileID: 1413991165746520396}
  m_Layer: 0
  m_Name: HornR01
  m_TagString: Untagged
  m_Icon: {fileID: 0}
  m_NavMeshLayer: 0
  m_StaticEditorFlags: 0
  m_IsActive: 1
--- !u!4 &1413991165746520396
Transform:
  m_ObjectHideFlags: 0
  m_CorrespondingSourceObject: {fileID: 0}
  m_PrefabInstance: {fileID: 0}
  m_PrefabAsset: {fileID: 0}
  m_GameObject: {fileID: 1408101761743513240}
  m_LocalRotation: {x: 0.2655548, y: 0.2617494, z: -0.6568468, w: 0.65537786}
  m_LocalPosition: {x: -0.01772882, y: 0.22098848, z: 0.216301}
  m_LocalScale: {x: 1, y: 1, z: 1}
  m_Children:
  - {fileID: 1405546264570763040}
  m_Father: {fileID: 1413875575487203196}
  m_RootOrder: 7
  m_LocalEulerAnglesHint: {x: 0, y: 0, z: 0}
--- !u!1 &1408163029224016714
GameObject:
  m_ObjectHideFlags: 0
  m_CorrespondingSourceObject: {fileID: 0}
  m_PrefabInstance: {fileID: 0}
  m_PrefabAsset: {fileID: 0}
  serializedVersion: 6
  m_Component:
  - component: {fileID: 1413708390791287852}
  m_Layer: 0
  m_Name: HornRTip04
  m_TagString: Untagged
  m_Icon: {fileID: 0}
  m_NavMeshLayer: 0
  m_StaticEditorFlags: 0
  m_IsActive: 1
--- !u!4 &1413708390791287852
Transform:
  m_ObjectHideFlags: 0
  m_CorrespondingSourceObject: {fileID: 0}
  m_PrefabInstance: {fileID: 0}
  m_PrefabAsset: {fileID: 0}
  m_GameObject: {fileID: 1408163029224016714}
  m_LocalRotation: {x: 0.1528551, y: 0.0005225814, z: 0.9882427, w: -0.0033786069}
  m_LocalPosition: {x: -0.252138, y: -3.4902634e-17, z: -5.3290704e-17}
  m_LocalScale: {x: 1, y: 1, z: 1}
  m_Children: []
  m_Father: {fileID: 1405436562025268952}
  m_RootOrder: 0
  m_LocalEulerAnglesHint: {x: 0, y: 0, z: 0}
--- !u!1 &1408165437367625370
GameObject:
  m_ObjectHideFlags: 0
  m_CorrespondingSourceObject: {fileID: 0}
  m_PrefabInstance: {fileID: 0}
  m_PrefabAsset: {fileID: 0}
  serializedVersion: 6
  m_Component:
  - component: {fileID: 1405609778714912008}
  m_Layer: 0
  m_Name: HornR02
  m_TagString: Untagged
  m_Icon: {fileID: 0}
  m_NavMeshLayer: 0
  m_StaticEditorFlags: 0
  m_IsActive: 1
--- !u!4 &1405609778714912008
Transform:
  m_ObjectHideFlags: 0
  m_CorrespondingSourceObject: {fileID: 0}
  m_PrefabInstance: {fileID: 0}
  m_PrefabAsset: {fileID: 0}
  m_GameObject: {fileID: 1408165437367625370}
  m_LocalRotation: {x: 0.4221367, y: 0.23888573, z: -0.43702057, w: 0.7574611}
  m_LocalPosition: {x: -0.2494606, y: 0.059549563, z: 0.324484}
  m_LocalScale: {x: 1, y: 1, z: 1}
  m_Children:
  - {fileID: 1414043700723738880}
  m_Father: {fileID: 1413875575487203196}
  m_RootOrder: 8
  m_LocalEulerAnglesHint: {x: 0, y: 0, z: 0}
--- !u!1 &1408187036217814542
GameObject:
  m_ObjectHideFlags: 0
  m_CorrespondingSourceObject: {fileID: 0}
  m_PrefabInstance: {fileID: 0}
  m_PrefabAsset: {fileID: 0}
  serializedVersion: 6
  m_Component:
  - component: {fileID: 1413875575487203196}
  m_Layer: 0
  m_Name: Shell
  m_TagString: Untagged
  m_Icon: {fileID: 0}
  m_NavMeshLayer: 0
  m_StaticEditorFlags: 0
  m_IsActive: 1
--- !u!4 &1413875575487203196
Transform:
  m_ObjectHideFlags: 0
  m_CorrespondingSourceObject: {fileID: 0}
  m_PrefabInstance: {fileID: 0}
  m_PrefabAsset: {fileID: 0}
  m_GameObject: {fileID: 1408187036217814542}
  m_LocalRotation: {x: 2.775558e-17, y: 2.775558e-17, z: 0.044605237, w: 0.9990047}
  m_LocalPosition: {x: -0.14992227, y: 0.37512904, z: 3.9375008e-17}
  m_LocalScale: {x: 1, y: 1, z: 1}
  m_Children:
  - {fileID: 1413645868416186318}
  - {fileID: 1413722512946217106}
  - {fileID: 1405329489705821548}
  - {fileID: 1413662976790221496}
  - {fileID: 1414113835101945546}
  - {fileID: 1405635070400481730}
  - {fileID: 1413680552475608420}
  - {fileID: 1413991165746520396}
  - {fileID: 1405609778714912008}
  - {fileID: 1414005534714377848}
  - {fileID: 1405436562025268952}
  m_Father: {fileID: 1405554942957824442}
  m_RootOrder: 0
  m_LocalEulerAnglesHint: {x: 0, y: 0, z: 0}
--- !u!1 &1408197390629999108
GameObject:
  m_ObjectHideFlags: 0
  m_CorrespondingSourceObject: {fileID: 0}
  m_PrefabInstance: {fileID: 0}
  m_PrefabAsset: {fileID: 0}
  serializedVersion: 6
  m_Component:
  - component: {fileID: 1405493522504844112}
  - component: {fileID: 1325708950460993588}
  m_Layer: 0
  m_Name: TurtleShell
  m_TagString: Untagged
  m_Icon: {fileID: 0}
  m_NavMeshLayer: 0
  m_StaticEditorFlags: 0
  m_IsActive: 1
--- !u!4 &1405493522504844112
Transform:
  m_ObjectHideFlags: 0
  m_CorrespondingSourceObject: {fileID: 0}
  m_PrefabInstance: {fileID: 0}
  m_PrefabAsset: {fileID: 0}
  m_GameObject: {fileID: 1408197390629999108}
  m_LocalRotation: {x: -0.7071068, y: 0, z: -0, w: 0.7071068}
  m_LocalPosition: {x: -0, y: -0.012334714, z: 0}
  m_LocalScale: {x: 1, y: 1, z: 1}
  m_Children: []
  m_Father: {fileID: 1413711538849609212}
  m_RootOrder: 1
  m_LocalEulerAnglesHint: {x: 0, y: 0, z: 0}
--- !u!137 &1325708950460993588
SkinnedMeshRenderer:
  m_ObjectHideFlags: 0
  m_CorrespondingSourceObject: {fileID: 0}
  m_PrefabInstance: {fileID: 0}
  m_PrefabAsset: {fileID: 0}
  m_GameObject: {fileID: 1408197390629999108}
  m_Enabled: 1
  m_CastShadows: 1
  m_ReceiveShadows: 1
  m_DynamicOccludee: 1
  m_MotionVectors: 1
  m_LightProbeUsage: 1
  m_ReflectionProbeUsage: 1
  m_RayTracingMode: 0
  m_RenderingLayerMask: 1
  m_RendererPriority: 0
  m_Materials:
  - {fileID: 2100000, guid: b3ad386aba28716448079dcf67d7aede, type: 2}
  m_StaticBatchInfo:
    firstSubMesh: 0
    subMeshCount: 0
  m_StaticBatchRoot: {fileID: 0}
  m_ProbeAnchor: {fileID: 0}
  m_LightProbeVolumeOverride: {fileID: 0}
  m_ScaleInLightmap: 1
  m_ReceiveGI: 1
  m_PreserveUVs: 0
  m_IgnoreNormalsForChartDetection: 0
  m_ImportantGI: 0
  m_StitchLightmapSeams: 1
  m_SelectedEditorRenderState: 3
  m_MinimumChartSize: 4
  m_AutoUVMaxDistance: 0.5
  m_AutoUVMaxAngle: 89
  m_LightmapParameters: {fileID: 0}
  m_SortingLayerID: 0
  m_SortingLayer: 0
  m_SortingOrder: 0
  serializedVersion: 2
  m_Quality: 0
  m_UpdateWhenOffscreen: 0
  m_SkinnedMotionVectors: 1
  m_Mesh: {fileID: 4300000, guid: 0d3c605385d6d9547a1e3f24e8248962, type: 3}
  m_Bones:
  - {fileID: 1413649886490419050}
  - {fileID: 1405554942957824442}
  - {fileID: 1405258146137904656}
  - {fileID: 1414035778698401236}
  - {fileID: 1405219208339402936}
  - {fileID: 1413833172389689442}
  - {fileID: 1405484136223749908}
  - {fileID: 1413875575487203196}
  - {fileID: 1414113835101945546}
  - {fileID: 1405440514667777352}
  - {fileID: 1405635070400481730}
  - {fileID: 1413940879953544222}
  - {fileID: 1413680552475608420}
  - {fileID: 1414041702743449540}
  - {fileID: 1413645868416186318}
  - {fileID: 1405316491178974780}
  - {fileID: 1405329489705821548}
  - {fileID: 1405390142857322892}
  - {fileID: 1413722512946217106}
  - {fileID: 1413745784925792872}
  - {fileID: 1413662976790221496}
  - {fileID: 1405289038394803678}
  - {fileID: 1413991165746520396}
  - {fileID: 1405546264570763040}
  - {fileID: 1405609778714912008}
  - {fileID: 1414043700723738880}
  - {fileID: 1414005534714377848}
  - {fileID: 1405277954428166872}
  - {fileID: 1405436562025268952}
  - {fileID: 1413708390791287852}
  m_BlendShapeWeights: []
  m_RootBone: {fileID: 1413649886490419050}
  m_AABB:
    m_Center: {x: -0.446875, y: 0.3599043, z: 0}
    m_Extent: {x: 0.7597805, y: 0.7337334, z: 0.7809485}
  m_DirtyAABB: 0
--- !u!1 &1408204731234866274
GameObject:
  m_ObjectHideFlags: 0
  m_CorrespondingSourceObject: {fileID: 0}
  m_PrefabInstance: {fileID: 0}
  m_PrefabAsset: {fileID: 0}
  serializedVersion: 6
  m_Component:
  - component: {fileID: 1413662976790221496}
  m_Layer: 0
  m_Name: HornL04
  m_TagString: Untagged
  m_Icon: {fileID: 0}
  m_NavMeshLayer: 0
  m_StaticEditorFlags: 0
  m_IsActive: 1
--- !u!4 &1413662976790221496
Transform:
  m_ObjectHideFlags: 0
  m_CorrespondingSourceObject: {fileID: 0}
  m_PrefabInstance: {fileID: 0}
  m_PrefabAsset: {fileID: 0}
  m_GameObject: {fileID: 1408204731234866274}
  m_LocalRotation: {x: -0.41800854, y: -0.41738293, z: -0.57486486, w: 0.5662073}
  m_LocalPosition: {x: -0.03628026, y: -0.1045924, z: -0.42496833}
  m_LocalScale: {x: 1, y: 1, z: 1}
  m_Children:
  - {fileID: 1405289038394803678}
  m_Father: {fileID: 1413875575487203196}
  m_RootOrder: 3
  m_LocalEulerAnglesHint: {x: 0, y: 0, z: 0}
--- !u!1 &1408206987529455206
GameObject:
  m_ObjectHideFlags: 0
  m_CorrespondingSourceObject: {fileID: 0}
  m_PrefabInstance: {fileID: 0}
  m_PrefabAsset: {fileID: 0}
  serializedVersion: 6
  m_Component:
  - component: {fileID: 1405258146137904656}
  m_Layer: 0
  m_Name: Spine02
  m_TagString: Untagged
  m_Icon: {fileID: 0}
  m_NavMeshLayer: 0
  m_StaticEditorFlags: 0
  m_IsActive: 1
--- !u!4 &1405258146137904656
Transform:
  m_ObjectHideFlags: 0
  m_CorrespondingSourceObject: {fileID: 0}
  m_PrefabInstance: {fileID: 0}
  m_PrefabAsset: {fileID: 0}
  m_GameObject: {fileID: 1408206987529455206}
  m_LocalRotation: {x: -5.551115e-17, y: 1.110223e-16, z: -0.1266539, w: 0.991947}
  m_LocalPosition: {x: -0.33054718, y: -3.5527136e-17, z: 7.552034e-17}
  m_LocalScale: {x: 1, y: 1, z: 1}
  m_Children:
  - {fileID: 1414035778698401236}
  m_Father: {fileID: 1405554942957824442}
  m_RootOrder: 1
  m_LocalEulerAnglesHint: {x: 0, y: 0, z: 0}
--- !u!1 &1408228375579884882
GameObject:
  m_ObjectHideFlags: 0
  m_CorrespondingSourceObject: {fileID: 0}
  m_PrefabInstance: {fileID: 0}
  m_PrefabAsset: {fileID: 0}
  serializedVersion: 6
  m_Component:
  - component: {fileID: 1405484136223749908}
  m_Layer: 0
  m_Name: BottomCover
  m_TagString: Untagged
  m_Icon: {fileID: 0}
  m_NavMeshLayer: 0
  m_StaticEditorFlags: 0
  m_IsActive: 1
--- !u!4 &1405484136223749908
Transform:
  m_ObjectHideFlags: 0
  m_CorrespondingSourceObject: {fileID: 0}
  m_PrefabInstance: {fileID: 0}
  m_PrefabAsset: {fileID: 0}
  m_GameObject: {fileID: 1408228375579884882}
  m_LocalRotation: {x: -0.43952665, y: -0.55391, z: -0.43952665, w: 0.55391}
  m_LocalPosition: {x: -0.13390945, y: 2.432437e-17, z: 4.1713996e-10}
  m_LocalScale: {x: 1, y: 1, z: 1}
  m_Children: []
  m_Father: {fileID: 1414035778698401236}
  m_RootOrder: 0
  m_LocalEulerAnglesHint: {x: 0, y: 0, z: 0}
--- !u!1 &1408292677115746254
GameObject:
  m_ObjectHideFlags: 0
  m_CorrespondingSourceObject: {fileID: 0}
  m_PrefabInstance: {fileID: 0}
  m_PrefabAsset: {fileID: 0}
  serializedVersion: 6
  m_Component:
  - component: {fileID: 1414113835101945546}
  m_Layer: 0
  m_Name: HornMid01
  m_TagString: Untagged
  m_Icon: {fileID: 0}
  m_NavMeshLayer: 0
  m_StaticEditorFlags: 0
  m_IsActive: 1
--- !u!4 &1414113835101945546
Transform:
  m_ObjectHideFlags: 0
  m_CorrespondingSourceObject: {fileID: 0}
  m_PrefabInstance: {fileID: 0}
  m_PrefabAsset: {fileID: 0}
  m_GameObject: {fileID: 1408292677115746254}
  m_LocalRotation: {x: 0.000000004503562, y: -0.0000000174099, z: 0.96813345, w: -0.25043505}
  m_LocalPosition: {x: 0.37650892, y: 0.018608263, z: -0.000000002161254}
  m_LocalScale: {x: 1, y: 1, z: 1}
  m_Children:
  - {fileID: 1405440514667777352}
  m_Father: {fileID: 1413875575487203196}
  m_RootOrder: 4
  m_LocalEulerAnglesHint: {x: 0, y: 0, z: 0}
--- !u!1 &1408368619596439512
GameObject:
  m_ObjectHideFlags: 0
  m_CorrespondingSourceObject: {fileID: 0}
  m_PrefabInstance: {fileID: 0}
  m_PrefabAsset: {fileID: 0}
  serializedVersion: 6
  m_Component:
  - component: {fileID: 1413645868416186318}
  m_Layer: 0
  m_Name: HornL01
  m_TagString: Untagged
  m_Icon: {fileID: 0}
  m_NavMeshLayer: 0
  m_StaticEditorFlags: 0
  m_IsActive: 1
--- !u!4 &1413645868416186318
Transform:
  m_ObjectHideFlags: 0
  m_CorrespondingSourceObject: {fileID: 0}
  m_PrefabInstance: {fileID: 0}
  m_PrefabAsset: {fileID: 0}
  m_GameObject: {fileID: 1408368619596439512}
  m_LocalRotation: {x: -0.26555538, y: -0.26175007, z: -0.6568467, w: 0.6553775}
  m_LocalPosition: {x: -0.017729156, y: 0.2209885, z: -0.21630123}
  m_LocalScale: {x: 1, y: 1, z: 1}
  m_Children:
  - {fileID: 1405316491178974780}
  m_Father: {fileID: 1413875575487203196}
  m_RootOrder: 0
  m_LocalEulerAnglesHint: {x: 0, y: 0, z: 0}
--- !u!1 &1408380978184312870
GameObject:
  m_ObjectHideFlags: 0
  m_CorrespondingSourceObject: {fileID: 0}
  m_PrefabInstance: {fileID: 0}
  m_PrefabAsset: {fileID: 0}
  serializedVersion: 6
  m_Component:
  - component: {fileID: 1405277954428166872}
  m_Layer: 0
  m_Name: HornRTip03
  m_TagString: Untagged
  m_Icon: {fileID: 0}
  m_NavMeshLayer: 0
  m_StaticEditorFlags: 0
  m_IsActive: 1
--- !u!4 &1405277954428166872
Transform:
  m_ObjectHideFlags: 0
  m_CorrespondingSourceObject: {fileID: 0}
  m_PrefabInstance: {fileID: 0}
  m_PrefabAsset: {fileID: 0}
  m_GameObject: {fileID: 1408380978184312870}
  m_LocalRotation: {x: 0.26555067, y: 0.08141571, z: 0.9184556, w: -0.28159118}
  m_LocalPosition: {x: -0.21928714, y: 5.3290704e-17, z: -1.0658141e-16}
  m_LocalScale: {x: 1, y: 1, z: 1}
  m_Children: []
  m_Father: {fileID: 1414005534714377848}
  m_RootOrder: 0
  m_LocalEulerAnglesHint: {x: 0, y: 0, z: 0}
--- !u!1 &1408391171562988430
GameObject:
  m_ObjectHideFlags: 0
  m_CorrespondingSourceObject: {fileID: 0}
  m_PrefabInstance: {fileID: 0}
  m_PrefabAsset: {fileID: 0}
  serializedVersion: 6
  m_Component:
  - component: {fileID: 1413722512946217106}
  m_Layer: 0
  m_Name: HornL02
  m_TagString: Untagged
  m_Icon: {fileID: 0}
  m_NavMeshLayer: 0
  m_StaticEditorFlags: 0
  m_IsActive: 1
--- !u!4 &1413722512946217106
Transform:
  m_ObjectHideFlags: 0
  m_CorrespondingSourceObject: {fileID: 0}
  m_PrefabInstance: {fileID: 0}
  m_PrefabAsset: {fileID: 0}
  m_GameObject: {fileID: 1408391171562988430}
  m_LocalRotation: {x: -0.42213657, y: -0.23888622, z: -0.43702132, w: 0.75746053}
  m_LocalPosition: {x: -0.24946098, y: 0.05954975, z: -0.3244844}
  m_LocalScale: {x: 1, y: 1, z: 1}
  m_Children:
  - {fileID: 1413745784925792872}
  m_Father: {fileID: 1413875575487203196}
  m_RootOrder: 1
  m_LocalEulerAnglesHint: {x: 0, y: 0, z: 0}
--- !u!1 &1408490806998865272
GameObject:
  m_ObjectHideFlags: 0
  m_CorrespondingSourceObject: {fileID: 0}
  m_PrefabInstance: {fileID: 0}
  m_PrefabAsset: {fileID: 0}
  serializedVersion: 6
  m_Component:
  - component: {fileID: 1405329489705821548}
  m_Layer: 0
  m_Name: HornL03
  m_TagString: Untagged
  m_Icon: {fileID: 0}
  m_NavMeshLayer: 0
  m_StaticEditorFlags: 0
  m_IsActive: 1
--- !u!4 &1405329489705821548
Transform:
  m_ObjectHideFlags: 0
  m_CorrespondingSourceObject: {fileID: 0}
  m_PrefabInstance: {fileID: 0}
  m_PrefabAsset: {fileID: 0}
  m_GameObject: {fileID: 1408490806998865272}
  m_LocalRotation: {x: 0.22814046, y: 0.42559206, z: 0.775211, w: -0.40727293}
  m_LocalPosition: {x: 0.25218183, y: 0.06419484, z: -0.3177189}
  m_LocalScale: {x: 1, y: 1, z: 1}
  m_Children:
  - {fileID: 1405390142857322892}
  m_Father: {fileID: 1413875575487203196}
  m_RootOrder: 2
  m_LocalEulerAnglesHint: {x: 0, y: 0, z: 0}
--- !u!1 &1408494955060655966
GameObject:
  m_ObjectHideFlags: 0
  m_CorrespondingSourceObject: {fileID: 0}
  m_PrefabInstance: {fileID: 0}
  m_PrefabAsset: {fileID: 0}
  serializedVersion: 6
  m_Component:
  - component: {fileID: 1413745784925792872}
  m_Layer: 0
  m_Name: HornLTip02
  m_TagString: Untagged
  m_Icon: {fileID: 0}
  m_NavMeshLayer: 0
  m_StaticEditorFlags: 0
  m_IsActive: 1
--- !u!4 &1413745784925792872
Transform:
  m_ObjectHideFlags: 0
  m_CorrespondingSourceObject: {fileID: 0}
  m_PrefabInstance: {fileID: 0}
  m_PrefabAsset: {fileID: 0}
  m_GameObject: {fileID: 1408494955060655966}
  m_LocalRotation: {x: -0.072460696, y: -0.26567754, z: -0.25295433, w: 0.92745835}
  m_LocalPosition: {x: -0.22917813, y: -8.881784e-18, z: 1.7763568e-17}
  m_LocalScale: {x: 1, y: 1, z: 1}
  m_Children: []
  m_Father: {fileID: 1413722512946217106}
  m_RootOrder: 0
  m_LocalEulerAnglesHint: {x: 0, y: 0, z: 0}
--- !u!1 &1408514689173974680
GameObject:
  m_ObjectHideFlags: 0
  m_CorrespondingSourceObject: {fileID: 0}
  m_PrefabInstance: {fileID: 0}
  m_PrefabAsset: {fileID: 0}
  serializedVersion: 6
  m_Component:
  - component: {fileID: 1405219208339402936}
  m_Layer: 0
  m_Name: Eyeball
  m_TagString: Untagged
  m_Icon: {fileID: 0}
  m_NavMeshLayer: 0
  m_StaticEditorFlags: 0
  m_IsActive: 1
--- !u!4 &1405219208339402936
Transform:
  m_ObjectHideFlags: 0
  m_CorrespondingSourceObject: {fileID: 0}
  m_PrefabInstance: {fileID: 0}
  m_PrefabAsset: {fileID: 0}
  m_GameObject: {fileID: 1408514689173974680}
  m_LocalRotation: {x: -0.43952665, y: -0.55391, z: -0.43952665, w: 0.55391}
  m_LocalPosition: {x: -0.13390945, y: 2.432437e-17, z: 4.1713996e-10}
  m_LocalScale: {x: 1, y: 1, z: 1}
  m_Children: []
  m_Father: {fileID: 1414035778698401236}
  m_RootOrder: 1
  m_LocalEulerAnglesHint: {x: 0, y: 0, z: 0}
